@book{随机过程郑坚坚,
  author         = {郑坚坚},
  editor         = {},
  publisher      = {中国科学技术大学出版社},
  title          = {随机过程},
  year           = {2016.1}
}
@book{随机过程方兆本,
  author         = {方兆本、缪柏其},
  editor         = {},
  publisher      = {科学出版社},
  title          = {随机过程},
  year           = {2011}
}
@article{Statistical,
  author          = {禤科材},
  journal         = {2022春季学期,物理化学II(英)},
  number          = {},
  title           = {Statistical View for Diffusion},
  volume          = {},
  year            = {2022}
}
@article{yinzi,
  author          = {黄棋炜、邱昱博、毕桓侨},
  journal         = {},
  number          = {},
  title           = {因子有效期研究方法： 来自 A 股长寿命“成年公司” 的证据},
  volume          = {},
  year            = {2021}
}
@book{时间序列分析,
  author         = {Robert H.Shumway},
  editor         = {},
  publisher      = {机械工业出版社},
  title          = {时间序列分析:基于R的数据分析方法},
  year           = {2022}
}
@book{数量经济分析,
  author         = {侯定丕、陈华友、陈伟},
  editor         = {},
  publisher      = {科学出版社},
  title          = {数量经济分析},
  year           = {2009}
}
@book{计量经济,
  author         = {Davidson,R.},
  editor         = {},
  publisher      = {上海财经大学出版社},
  title          = {计量经济理论和方法},
  year           = {2006}
}